<?xml version="1.0" encoding="UTF-8"?><record xmlns="http://www.loc.gov/MARC21/slim" xmlns:cinclude="http://apache.org/cocoon/include/1.0" xmlns:zs="http://www.loc.gov/zing/srw/">
  <leader>00293nz  a2200121n  4500</leader>
  <controlfield tag="001">nb2001021229</controlfield>
  <controlfield tag="003">DLC</controlfield>
  <controlfield tag="005">20010324064111.0</controlfield>
  <controlfield tag="008">010323n| acannaabn          |n aaa      </controlfield>
  <datafield tag="010" ind1=" " ind2=" ">
    <subfield code="a">nb2001021229</subfield>
  </datafield>
  <datafield tag="040" ind1=" " ind2=" ">
    <subfield code="a">Uk</subfield>
    <subfield code="b">eng</subfield>
    <subfield code="c">Uk</subfield>
  </datafield>
  <datafield tag="100" ind1="1" ind2="0">
    <subfield code="a">Haberl, K. F.</subfield>
  </datafield>
  <datafield tag="670" ind1=" " ind2=" ">
    <subfield code="a">Salem aleikum, 1920:</subfield>
    <subfield code="b">t.p. (K.F. Haberl)</subfield>
  </datafield>
</record>